@String(PAMI = {IEEE Trans. Pattern Anal. Mach. Intell.})
@String(IJCV = {Int. J. Comput. Vis.})
@String(CVPR= {IEEE Conf. Comput. Vis. Pattern Recog.})
@String(ICCV= {Int. Conf. Comput. Vis.})
@String(ECCV= {Eur. Conf. Comput. Vis.})
@String(NIPS= {Adv. Neural Inform. Process. Syst.})
@String(ICPR = {Int. Conf. Pattern Recog.})
@String(BMVC= {Brit. Mach. Vis. Conf.})
@String(TOG= {ACM Trans. Graph.})
@String(TIP  = {IEEE Trans. Image Process.})
@String(TVCG  = {IEEE Trans. Vis. Comput. Graph.})
@String(TMM  = {IEEE Trans. Multimedia})
@String(ACMMM= {ACM Int. Conf. Multimedia})
@String(ICME = {Int. Conf. Multimedia and Expo})
@String(ICASSP=	{ICASSP})
@String(ICIP = {IEEE Int. Conf. Image Process.})
@String(ACCV  = {ACCV})
@String(ICLR = {Int. Conf. Learn. Represent.})
@String(IJCAI = {IJCAI})
@String(PR   = {Pattern Recognition})
@String(AAAI = {AAAI})
@String(CVPRW= {IEEE Conf. Comput. Vis. Pattern Recog. Worksh.})
@String(CSVT = {IEEE Trans. Circuit Syst. Video Technol.})

@String(SPL	= {IEEE Sign. Process. Letters})
@String(VR   = {Vis. Res.})
@String(JOV	 = {J. Vis.})
@String(TVC  = {The Vis. Comput.})
@String(JCST  = {J. Comput. Sci. Tech.})
@String(CGF  = {Comput. Graph. Forum})
@String(CVM = {Computational Visual Media})


@String(PAMI  = {IEEE TPAMI})
@String(IJCV  = {IJCV})
@String(CVPR  = {CVPR})
@String(ICCV  = {ICCV})
@String(ECCV  = {ECCV})
@String(NIPS  = {NeurIPS})
@String(ICPR  = {ICPR})
@String(BMVC  =	{BMVC})
@String(TOG   = {ACM TOG})
@String(TIP   = {IEEE TIP})
@String(TVCG  = {IEEE TVCG})
@String(TCSVT = {IEEE TCSVT})
@String(TMM   =	{IEEE TMM})
@String(ACMMM = {ACM MM})
@String(ICME  =	{ICME})
@String(ICASSP=	{ICASSP})
@String(ICIP  = {ICIP})
@String(ACCV  = {ACCV})
@String(ICLR  = {ICLR})
@String(IJCAI = {IJCAI})
@String(PR = {PR})
@String(AAAI = {AAAI})
@String(CVPRW= {CVPRW})
@String(CSVT = {IEEE TCSVT})

@inproceedings{prakash2020exploring,
	title={Exploring data aggregation in policy learning for vision-based urban autonomous driving},
	author={Prakash, Aditya and Behl, Aseem and Ohn-Bar, Eshed and Chitta, Kashyap and Geiger, Andreas},
	booktitle={Proceedings of the IEEE/CVF Conference on Computer Vision and Pattern Recognition},
	pages={11763--11773},
	year={2020}
}

@inproceedings{ohn2020learning,
	title={Learning situational driving},
	author={Ohn-Bar, Eshed and Prakash, Aditya and Behl, Aseem and Chitta, Kashyap and Geiger, Andreas},
	booktitle={Proceedings of the IEEE/CVF Conference on Computer Vision and Pattern Recognition},
	pages={11296--11305},
	year={2020}
}

@inproceedings{zhao2021sam,
	title={Sam: Squeeze-and-mimic networks for conditional visual driving policy learning},
	author={Zhao, Albert and He, Tong and Liang, Yitao and Huang, Haibin and Van den Broeck, Guy and Soatto, Stefano},
	booktitle={Conference on Robot Learning},
	pages={156--175},
	year={2021},
	organization={PMLR}
}

@inproceedings{codevilla2019exploring,
	title={Exploring the limitations of behavior cloning for autonomous driving},
	author={Codevilla, Felipe and Santana, Eder and L{\'o}pez, Antonio M and Gaidon, Adrien},
	booktitle={Proceedings of the IEEE/CVF international conference on computer vision},
	pages={9329--9338},
	year={2019}
}

@article{kahn2021land,
  title={LaND: Learning to navigate from disengagements},
  author={Kahn, Gregory and Abbeel, Pieter and Levine, Sergey},
  journal={IEEE Robotics and Automation Letters (RA-L)},
  year={2021}
}

@inproceedings{liang2018cirl,
  title={CIRL: Controllable Imitative Reinforcement Learning for Vision-Based Self-Driving},
  author={Liang, Xiaodan and Wang, Tairui and Yang, Luona and Xing, Eric},
  booktitle={Proceedings of the European Conference on Computer Vision (ECCV)},
  pages={584--599},
  year={2018},
}

@inproceedings{lillicrap2016continuous,
  title={Continuous Control with Deep Reinforcement Learning},
  author={Lillicrap, Timothy P. and Hunt, Jonathan J. and Pritzel, Alexander and Heess, Nicolas and Erez, Tom and Tassa, Yuval and Silver, David and Wierstra, Daan},
  booktitle={International Conference on Learning Representations (ICLR)},
  year={2016}
}





@article{amini2020learning,
  title={Learning robust control policies for end-to-end autonomous driving from data-driven simulation},
  author={Amini, Alexander and Gilitschenski, Igor and Phillips, Jacob and Moseyko, Julia and Banerjee, Rohan and Karaman, Sertac and Rus, Daniela},
  journal={IEEE Robotics and Automation Letters (RA-L)},
  volume={5},
  number={2},
  pages={1143--1150},
  year={2020}
}





@article{montemerlo2008junior,
  title={Junior: The stanford entry in the urban challenge},
  author={Montemerlo, Michael and Becker, Jan and Bhat, Suhrid and Dahlkamp, Hendrik and Dolgov, Dmitri and Ettinger, Scott and Haehnel, Dirk and Hilden, Tim and Hoffmann, Gabe and Huhnke, Burkhard and others},
  journal={Journal of Field Robotics},
  volume={25},
  number={9},
  pages={569--597},
  year={2008},
  publisher={Wiley Online Library}
}


@inproceedings{dosovitskiy2017carla,
  title={CARLA: An open urban driving simulator},
  author={Dosovitskiy, Alexey and Ros, German and Codevilla, Felipe and Lopez, Antonio and Koltun, Vladlen},
  booktitle={Proceedings of the Conference on Robot Learning (CoRL)},
  pages={1--16},
  year={2017}
}

@article{urmson2008autonomous,
  title={Autonomous driving in urban environments: Boss and the urban challenge},
  author={Urmson, Chris and Anhalt, Joshua and Bagnell, Drew and Baker, Christopher and Bittner, Robert and Clark, MN and Dolan, John and Duggins, Dave and Galatali, Tugrul and Geyer, Chris and others},
  journal={Journal of Field Robotics},
  volume={25},
  number={8},
  pages={425--466},
  year={2008},
  publisher={Wiley Online Library}
}

@inproceedings{chen2020learning,
  title={Learning by cheating},
  author={Chen, Dian and Zhou, Brady and Koltun, Vladlen and Krahenb√ºhl, Philipp},
  booktitle={Conference on Robot Learning (CoRL)},
  year={2020},
  pages={66--75}
}

@inproceedings{chen2015deepdriving,
  title={Deepdriving: Learning affordance for direct perception in autonomous driving},
  author={Chen, Chenyi and Seff, Ari and Kornhauser, Alain and Xiao, Jianxiong},
  booktitle={Proceedings of the IEEE International Conference on Computer Vision (ICCV)},
  pages={2722--2730},
  year={2015}
}

@inproceedings{van2016deep,
  title={Deep reinforcement learning with double q-learning},
  author={van Hasselt, Hado and Guez, Arthur and Silver, David},
  booktitle={Proceedings of the AAAI Conference on Artificial Intelligence (AAAI)},
  pages={2094--2100},
  year={2016},
  publisher={AAAI Press}
}

@inproceedings{haarnoja2018soft,
  title={Soft actor-critic: Off-policy maximum entropy deep reinforcement learning with a stochastic actor},
  author={Haarnoja, Tuomas and Zhou, Aurick and Abbeel, Pieter and Levine, Sergey},
  booktitle={International Conference on Machine Learning (ICML)},
  pages={1861--1870},
  year={2018}
}

@inproceedings{toromanoff2019deep,
  title={Is deep reinforcement learning really superhuman on atari?},
  author={Toromanoff, Marin and Wirbel, Emilie and Moutarde, Fabien},
  booktitle={Deep Reinforcement Learning Workshop of the Conference on Neural Information Processing Systems},
  year={2019},
  pages={3, 4, 14}
}

@inproceedings{chen2019modelfree,
  title={Model-free deep reinforcement learning for urban autonomous driving},
  author={Chen, Jianyu and Yuan, Bodi and Tomizuka, Masayoshi},
  booktitle={2019 IEEE Intelligent Transportation Systems Conference (ITSC)},
  year={2019},
  pages={2765--2771}
}

@inproceedings{rhinehart2020deep,
  title={Deep imitative models for flexible inference, planning, and control},
  author={Rhinehart, Nicholas and McAllister, Rowan and Levine, Sergey},
  booktitle={International Conference on Learning Representations (ICLR)},
  year={2020}
}

@article{schulman2017proximal,
  title={Proximal policy optimization algorithms},
  author={Schulman, John and Wolski, Filip and Dhariwal, Prafulla and Radford, Alec and Klimov, Oleg},
  journal={arXiv preprint arXiv:1707.06347},
  year={2017},
  number={4}
}

@inproceedings{toromanoff2019deep,
    author    = {Marin Toromanoff and Emilie Wirbel and Fabien Moutarde},
    title     = {Is Deep Reinforcement Learning Really Superhuman on Atari?},
    booktitle = {Deep Reinforcement Learning Workshop of the Conference on Neural Information Processing Systems},
    year      = {2019},
    pages     = {3, 4, 14},
}

@inproceedings{prakash2020exploring,
    author    = {Aditya Prakash and Aseem Behl and Eshed Ohn-Bar and Kashyap Chitta and Andreas Geiger},
    title     = {Exploring Data Aggregation in Policy Learning for Vision-Based Urban Autonomous Driving},
    booktitle = {Proceedings of the IEEE Conference on Computer Vision and Pattern Recognition (CVPR)},
    year      = {2020},
    pages     = {11763--11773},
}

@article{Cui2021,  
  author    = {Cui, Y. and Qiao, K. and Zhang, C. and Wang, L. and Yan, B. and Tong, L.},  
  title     = {GaborNet Visual Encoding: A Lightweight Region-Based Visual Encoding Model With Good Expressiveness and Biological Interpretability},  
  journal   = {Frontiers in Neuroscience},  
  volume    = {15},  
  pages     = {614182},  
  year      = {2021},  
  month     = feb,  
  day       = 4,  
  doi       = {10.3389/fnins.2021.614182},  
  pmid      = {33613179},  
  pmcid     = {PMC7893978},  
  publisher = {Frontiers},  
}

@ARTICLE{8574054,
  author={Du, Changde and Du, Changying and Huang, Lijie and He, Huiguang},
  journal={IEEE Transactions on Neural Networks and Learning Systems}, 
  title={Reconstructing Perceived Images From Human Brain Activities With Bayesian Deep Multiview Learning}, 
  year={2019},
  volume={30},
  number={8},
  pages={2310-2323},
  keywords={Visualization;Brain modeling;Functional magnetic resonance imaging;Image reconstruction;Decoding;Bayes methods;Deep neural network (DNN);image reconstruction;multiview learning;neural decoding;variational Bayesian inference},
  doi={10.1109/TNNLS.2018.2882456}}

@ARTICLE{9134376,
  author={Wang, Haibao and Huang, Lijie and Du, Changde and Li, Dan and Wang, Bo and He, Huiguang},
  journal={IEEE Transactions on Cognitive and Developmental Systems}, 
  title={Neural Encoding for Human Visual Cortex With Deep Neural Networks Learning ‚ÄúWhat‚Äù and ‚ÄúWhere‚Äù}, 
  year={2021},
  volume={13},
  number={4},
  pages={827-840},
  keywords={Visualization;Feature extraction;Encoding;Brain modeling;Biological neural networks;Sociology;Deep learning;Neural networks;Deep neural network (DNN);neural encoding;regularization;‚Äúwhat‚Äù and ‚Äúwhere‚Äù},
  doi={10.1109/TCDS.2020.3007761}}

@ARTICLE{8932505,
  author={Naghshvarianjahromi, Mahdi and Kumar, Shiva and Deen, M. Jamal},
  journal={IEEE Access}, 
  title={Brain-Inspired Cognitive Decision Making for Nonlinear and Non-Gaussian Environments}, 
  year={2019},
  volume={7},
  number={},
  pages={180910-180922},
  keywords={Decision making;OFDM;Optical fiber communication;Nonlinear optics;Adaptive optics;Optical fibers;Optical distortion;Autonomic decision-making system;autonomic computing layer;cognitive dynamic system;cognitive decision making;non-Gaussian and non-linear environment;situation understanding;smart systems},
  doi={10.1109/ACCESS.2019.2959556}}

@article{zhao2018brain,
  title={A brain-inspired decision making model based on top-down biasing of prefrontal cortex to basal ganglia and its application in autonomous UAV explorations},
  author={Zhao, Feifei and Zeng, Yi and Wang, Guixiang and Bai, Jun and Xu, Bo},
  journal={Cognitive Computation},
  volume={10},
  pages={296--306},
  year={2018},
  publisher={Springer}
}

@INPROCEEDINGS{7979332,
  author={Jia, Xin},
  booktitle={2017 29th Chinese Control And Decision Conference (CCDC)}, 
  title={Image recognition method based on deep learning}, 
  year={2017},
  volume={},
  number={},
  pages={4730-4735},
  keywords={Machine learning;Training;Computer vision;Neural networks;Computer architecture;Stochastic processes;Machine learning algorithms;deep learning;computer vision;developments;applications;trends;challenges},
  doi={10.1109/CCDC.2017.7979332}}

@article{zugner2020adversarial,
  title={Adversarial attacks on graph neural networks: Perturbations and their patterns},
  author={Z{\"u}gner, Daniel and Borchert, Olga and Akbarnejad, Amir and et al.},
  journal={ACM Transactions on Knowledge Discovery from Data (TKDD)},
  volume={14},
  number={5},
  pages={1--31},
  year={2020}
}

@article{al2018brain,
  title={A brain-inspired multi-modal perceptual system for social robots: An experimental realization},
  author={Al-Qaderi, Mohammad K and Rad, Ahmad B},
  journal={IEEE Access},
  volume={6},
  pages={35402--35424},
  year={2018},
  publisher={IEEE}
}

@article{yu2023brain,
  title={Brain-inspired multimodal hybrid neural network for robot place recognition},
  author={Yu, Fangwen and Wu, Yujie and Ma, Songchen and Xu, Mingkun and Li, Hongyi and Qu, Huanyu and Song, Chenhang and Wang, Taoyi and Zhao, Rong and Shi, Luping},
  journal={Science Robotics},
  volume={8},
  number={78},
  pages={eabm6996},
  year={2023},
  publisher={American Association for the Advancement of Science}
}

@article{schirner2023learning,
  title={Learning how network structure shapes decision-making for bio-inspired computing},
  author={Schirner, Michael and Deco, Gustavo and Ritter, Petra},
  journal={Nature Communications},
  volume={14},
  number={1},
  pages={2963},
  year={2023},
  publisher={Nature Publishing Group UK London}
}

@inproceedings{Dosovitskiy17,
  title = {{CARLA}: {An} Open Urban Driving Simulator},
  author = {Alexey Dosovitskiy and German Ros and Felipe Codevilla and Antonio Lopez and Vladlen Koltun},
  booktitle = {Proceedings of the 1st Annual Conference on Robot Learning},
  pages = {1--16},
  year = {2017}
}


















